
%%%%%%%%%%%%%%%%%%%%%%%%%%%%%%%%%%%%%%%%%%%%%%%%%%%%%%%%%%%%%%%%%%%%%%%%%%%%%%%%%
%
% SM Higgs boson theory papers
%
@article{Englert:1964et,
      author         = "Englert, F. and Brout, R.",
      title          = "{Broken Symmetry and the Mass of Gauge Vector Mesons}",
      journal        = "Phys.~Rev.~Lett.",
      volume         = "13",
      pages          = "321",
      doi            = "10.1103/PhysRevLett.13.321",
      year           = "1964",
      SLACcitation   = "%%CITATION = PRLTA,13,321;%%",
}

@article{Higgs:1964ia,
      author         = "Higgs, Peter~W.",
      title          = "{Broken symmetries, massless particles and gauge fields}",
      journal        = "Phys.~Lett.",
      volume         = "12",
      pages          = "132",
      doi            = "10.1016/0031-9163(64)91136-9",
      year           = "1964",
      SLACcitation   = "%%CITATION = PHLTA,12,132;%%",
}

@article{Higgs:1964pj,
      author         = "Higgs, Peter~W.",
      title          = "{Broken Symmetries and the Masses of Gauge Bosons}",
      journal        = "Phys.~Rev.~Lett.",
      volume         = "13",
      pages          = "508",
      doi            = "10.1103/PhysRevLett.13.508",
      year           = "1964",
      SLACcitation   = "%%CITATION = PRLTA,13,508;%%",
}

@article{Guralnik:1964eu,
      author         = "Guralnik, G.~S. and Hagen, C.~R. and Kibble, T.~W.~B.",
      title          = "{Global Conservation Laws and Massless Particles}",
      journal        = "Phys.~Rev.~Lett.",
      volume         = "13",
      pages          = "585",
      doi            = "10.1103/PhysRevLett.13.585",
      year           = "1964",
      SLACcitation   = "%%CITATION = PRLTA,13,585;%%",
}

@article{Higgs:1966ev,
      author         = "Higgs, Peter~W.",
      title          = "{Spontaneous Symmetry Breakdown without Massless Bosons}",
      journal        = "Phys.~Rev.",
      volume         = "145",
      pages          = "1156",
      doi            = "10.1103/PhysRev.145.1156",
      year           = "1966",
      SLACcitation   = "%%CITATION = PHRVA,145,1156;%%",
}

@article{Kibble:1967sv,
      author         = "Kibble, T.~W.~B.",
      title          = "{Symmetry breaking in non-Abelian gauge theories}",
      journal        = "Phys.~Rev.",
      volume         = "155",
      pages          = "1554",
      doi            = "10.1103/PhysRev.155.1554",
      year           = "1967",
      SLACcitation   = "%%CITATION = PHRVA,155,1554;%%",
}
%%%%%%%%%%%%%%%%%%%%%%%%%%%%%%%%%%%%%%%%%%%%%%%%%%%%%%%%%%%%%%%%%%%%%%%%%%%%%%%%%

%%%%%%%%%%%%%%%%%%%%%%%%%%%%%%%%%%%%%%%%%%%%%%%%%%%%%%%%%%%%%%%%%%%%%%%%%%%%%%%%%
%
% ATLAS and CMS SM Higgs boson discovery papers
%
@article{Higgs-Discovery_CMS,
      author         = "Chatrchyan, Serguei and others",
      title          = "{Observation of a new boson at a mass of 125 GeV with the CMS experiment at the LHC}",
      collaboration  = "CMS",
      journal        = "Phys.~Lett.",
      volume         = "B~716",
      pages          = "30",
      doi            = "10.1016/j.physletb.2012.08.021",
      year           = "2012",
      eprint         = "1207.7235",
      archivePrefix  = "arXiv",
      primaryClass   = "hep-ex",
      reportNumber   = "CMS-HIG-12-028, CERN-PH-EP-2012-220",
      SLACcitation   = "%%CITATION = ARXIV:1207.7235;%%",
}

@article{Higgs-Discovery_ATLAS,
      author         = "Aad, Georges and others",
      title          = "{Observation of a new particle in the search for the Standard Model Higgs boson with the ATLAS detector at the LHC}",
      collaboration  = "ATLAS",
      journal        = "Phys.~Lett.",
      volume         = "B~716",
      pages          = "1",
      doi            = "10.1016/j.physletb.2012.08.020",
      year           = "2012",
      eprint         = "1207.7214",
      archivePrefix  = "arXiv",
      primaryClass   = "hep-ex",
      reportNumber   = "CERN-PH-EP-2012-218",
      SLACcitation   = "%%CITATION = ARXIV:1207.7214;%%",
}

%%%%%%%%%%%%%%%%%%%%%%%%%%%%%%%%%%%%%%%%%%%%%%%%%%%%%%%%%%%%%%%%%%%%%%%%%%%%%%%%%

%%%%%%%%%%%%%%%%%%%%%%%%%%%%%%%%%%%%%%%%%%%%%%%%%%%%%%%%%%%%%%%%%%%%%%%%%%%%%%%%%
%
% ATLAS and CMS SM Higgs boson property measurements
%
@TECHREPORT{HIG-14-014,
      COLLABORATION = "CMS",
      TITLE       = "Constraints on anomalous $\textrm{H}\textrm{V}\textrm{V}$ interactions using $\textrm{H} \to 4 \ell$ decays",
      AUTHOR      = "{CMS Collaboration}",
      URL         = "https://cds.cern.ch/record/1728251",
      TYPE        = "CMS Physics Analysis Summary",
      NUMBER      = "CMS-PAS-HIG-14-014",
      YEAR        = "2014"
}

@article{Chatrchyan:2014tja,
      author         = "Chatrchyan, Serguei and others",
      title          = "{Search for invisible decays of Higgs bosons in the vector boson fusion and associated $\textrm{Z}\textrm{H}$ production modes}",
      collaboration  = "CMS Collaboration",
      journal        = "Eur.~Phys.~J.",
      number         = "8",
      volume         = "C~74",
      pages          = "2980",
      doi            = "10.1140/epjc/s10052-014-2980-6",
      year           = "2014",
      eprint         = "1404.1344",
      archivePrefix  = "arXiv",
      primaryClass   = "hep-ex",
      reportNumber   = "CMS-HIG-13-030, CERN-PH-EP-2014-051",
      SLACcitation   = "%%CITATION = ARXIV:1404.1344;%%",
}

@article{Khachatryan:2014iha,
      author         = "Khachatryan, Vardan and others",
      title          = "{Constraints on the Higgs boson width from off-shell production and decay to $\textrm{Z}$-boson pairs}",
      collaboration  = "CMS Collaboration",
      journal        = "Phys.~Lett.",
      volume         = "B~736",
      pages          = "64",
      doi            = "10.1016/j.physletb.2014.06.077",
      year           = "2014",
      eprint         = "1405.3455",
      archivePrefix  = "arXiv",
      primaryClass   = "hep-ex",
      reportNumber   = "CMS-HIG-14-002, CERN-PH-EP-2014-078",
      SLACcitation   = "%%CITATION = ARXIV:1405.3455;%%",
}

@article{HIG-14-009,
      author         = "Khachatryan, Vardan and others",
      title          = "{Precise determination of the mass of the Higgs boson and
                        tests of compatibility of its couplings with the standard
                        model predictions using proton collisions at $7$ and $8$~TeV}",
      collaboration  = "CMS",
      journal        = "Eur.~Phys.~J.",
      number         = "5",
      volume         = "C~75",
      pages          = "212",
      doi            = "10.1140/epjc/s10052-015-3351-7",
      year           = "2015",
      eprint         = "1412.8662",
      archivePrefix  = "arXiv",
      primaryClass   = "hep-ex",
      reportNumber   = "CMS-HIG-14-009, CERN-PH-EP-2014-288",
      SLACcitation   = "%%CITATION = ARXIV:1412.8662;%%",
}

@article{HIG-14-042,
      author         = "Aad, Georges and others",
      title          = "{Combined Measurement of the Higgs Boson Mass in $\textrm{p}\textrm{p}$
                        Collisions at $\sqrt{s}=7$ and $8$~TeV with the ATLAS and
                        CMS Experiments}",
      collaboration  = "ATLAS, CMS",
      journal        = "Phys.~Rev.~Lett.",
      volume         = "114",
      pages          = "191803",
      doi            = "10.1103/PhysRevLett.114.191803",
      year           = "2015",
      eprint         = "1503.07589",
      archivePrefix  = "arXiv",
      primaryClass   = "hep-ex",
      reportNumber   = "ATLAS-HIGG-2014-14, CMS-HIG-14-042, CERN-PH-EP-2015-075",
      SLACcitation   = "%%CITATION = ARXIV:1503.07589;%%",
}
%%%%%%%%%%%%%%%%%%%%%%%%%%%%%%%%%%%%%%%%%%%%%%%%%%%%%%%%%%%%%%%%%%%%%%%%%%%%%%%%%

%%%%%%%%%%%%%%%%%%%%%%%%%%%%%%%%%%%%%%%%%%%%%%%%%%%%%%%%%%%%%%%%%%%%%%%%%%%%%%%%%
%
% CMS Higgs -> tautau publications that used SVfit
%
@article{HIG-10-002,
      author         = "Chatrchyan, Serguei and others",
      title          = "Search for neutral MSSM Higgs bosons decaying to $\tau$
                        pairs in $\textrm{p}\textrm{p}$ collisions at $\sqrt{s}=7$~TeV",
      collaboration  = "CMS",
      journal        = "Phys.~Rev.~Lett.",
      volume         = "106",
      year           = "2011",
      pages          = "231801",
      doi            = "10.1103/PhysRevLett.106.231801",
      eprint         = "1104.1619",
      archivePrefix  = "arXiv",
      primaryClass   = "hep-ex",
      reportNumber   = "CERN-PH-EP-2011-027, CMS-HIG-10-002, CERN-EP-PH-2011-027",
      SLACcitation   = "%%CITATION = ARXIV:1104.1619;%%"
}

@article{HIG-11-029,
      author         = "Chatrchyan, Serguei and others",
      title          = "Search for neutral Higgs bosons decaying to $\tau$ pairs
                        in $\textrm{p}\textrm{p}$ collisions at $\sqrt{s} = 7$~TeV",
      collaboration  = "CMS",
      journal        = "Phys.~Lett.",
      volume         = "B~713",
      year           = "2012",
      pages          = "68",
      doi            = "10.1016/j.physletb.2012.05.028",
      eprint         = "1202.4083",
      archivePrefix  = "arXiv",
      primaryClass   = "hep-ex",
      reportNumber   = "CMS-HIG-11-029, CERN-PH-EP-2012-034",
      SLACcitation   = "%%CITATION = ARXIV:1202.4083;%%"
}

@article{HIG-13-004,
      author         = "Chatrchyan, Serguei and others",
      title          = "Evidence for the 125 GeV Higgs boson decaying to a pair
                        of $\tau$ leptons",
      collaboration  = "CMS",
      journal        = "JHEP",
      volume         = "05",
      year           = "2014",
      pages          = "104",
      doi            = "10.1007/JHEP05(2014)104",
      eprint         = "1401.5041",
      archivePrefix  = "arXiv",
      primaryClass   = "hep-ex",
      reportNumber   = "CMS-HIG-13-004, CERN-PH-EP-2014-001",
      SLACcitation   = "%%CITATION = ARXIV:1401.5041;%%"
}

@article{HIG-13-021,
      author         = "Khachatryan, Vardan and others",
      title          = "Search for neutral MSSM Higgs bosons decaying to a pair
                        of $\tau$ leptons in $\textrm{p}\textrm{p}$ collisions",
      collaboration  = "CMS",
      journal        = "JHEP",
      volume         = "10",
      year           = "2014",
      pages          = "160",
      doi            = "10.1007/JHEP10(2014)160",
      eprint         = "1408.3316",
      archivePrefix  = "arXiv",
      primaryClass   = "hep-ex",
      reportNumber   = "CMS-HIG-13-021, CERN-PH-EP-2014-192",
      SLACcitation   = "%%CITATION = ARXIV:1408.3316;%%"
}

@TECHREPORT{HIG-14-029,
      AUTHOR      = "{CMS Collaboration}",
      COLLABORATION = "CMS",
      TITLE       = "Search for additional neutral Higgs bosons decaying to a pair of tau leptons in $\textrm{p}\textrm{p}$ collisions at $\sqrt{s} = 7$ and $8$~TeV",
      URL         = "https://cds.cern.ch/record/2041463",
      TYPE        = "CMS Physics Analysis Summary",
      NUMBER      = "CMS-PAS-HIG-14-029",
      YEAR        = "2014"
}

@TECHREPORT{HIG-14-033,
      AUTHOR      = "{CMS Collaboration}",
      COLLABORATION = "CMS",
      TITLE       = "Search for a low mass pseudoscalar Higgs boson produced in association with a pair of $\textrm{b}$–quarks in $\textrm{p}\textrm{p}$ collisions at $\sqrt{s} = 8$~TeV",
      URL         = "http://cms.cern.ch/iCMS/analysisadmin/get?analysis=HIG-14-033-pas.pdf",
      TYPE        = "CMS Physics Analysis Summary",
      NUMBER      = "CMS-PAS-HIG-14-033",
      YEAR        = "2014"
}

@TECHREPORT{HIG-15-001,
      AUTHOR      = "{CMS Collaboration}",
      COLLABORATION = "CMS",
      TITLE       = "Search for $\textrm{H}$/$\textrm{A}$ decaying into $\textrm{Z}$ and $\textrm{H}$/$\textrm{A}$, with $\textrm{Z} \to \ell\ell$ and $\textrm{H}$/$\textrm{A} \to \textrm{b}\textrm{b}$ or $\textrm{H}$/$\textrm{A} \to \tau\tau$",
      URL         = "https://cds.cern.ch/record/2014119",
      TYPE        = "CMS Physics Analysis Summary",
      NUMBER      = "CMS-PAS-HIG-15-001",
      YEAR        = "2015"
}
%%%%%%%%%%%%%%%%%%%%%%%%%%%%%%%%%%%%%%%%%%%%%%%%%%%%%%%%%%%%%%%%%%%%%%%%%%%%%%%%%

%%%%%%%%%%%%%%%%%%%%%%%%%%%%%%%%%%%%%%%%%%%%%%%%%%%%%%%%%%%%%%%%%%%%%%%%%%%%%%%%%
%
% ATLAS+CMS Higgs combination paper
%
@TECHREPORT{HIG-15-002,
      AUTHOR      = "{CMS Collaboration}",
      COLLABORATION = "CMS",
      TITLE       = "Measurements of the Higgs boson production and decay rates and constraints on its couplings from a combined ATLAS and CMS analysis of the LHC $\textrm{p}\textrm{p}$ collision data at $\sqrt{s} = 7$ and $8$~TeV",
      URL         = "http://cms-physics.web.cern.ch/cms-physics/public/HIG-15-002.pdf",
      TYPE        = "CMS Physics Analysis Summary",
      NUMBER      = "CMS-PAS-HIG-15-002",
      YEAR        = "2015"
}
%%%%%%%%%%%%%%%%%%%%%%%%%%%%%%%%%%%%%%%%%%%%%%%%%%%%%%%%%%%%%%%%%%%%%%%%%%%%%%%%%

%%%%%%%%%%%%%%%%%%%%%%%%%%%%%%%%%%%%%%%%%%%%%%%%%%%%%%%%%%%%%%%%%%%%%%%%%%%%%%%%%
%
% Higgs width measurement (from off-shell Higgs production)
%
@article{HIG-14-002,
      author         = "Khachatryan, Vardan and others",
      title          = "{Constraints on the Higgs boson width from off-shell
                        production and decay to $\textrm{Z}$-boson pairs}",
      collaboration  = "CMS",
      journal        = "Phys.~Lett.",
      volume         = "B~736",
      year           = "2014",
      pages          = "64",
      doi            = "10.1016/j.physletb.2014.06.077",
      eprint         = "1405.3455",
      archivePrefix  = "arXiv",
      primaryClass   = "hep-ex",
      reportNumber   = "CMS-HIG-14-002, CERN-PH-EP-2014-078",
      SLACcitation   = "%%CITATION = ARXIV:1405.3455;%%"
}

@article{Aad:2015xua,
      author         = "Aad, Georges and others",
      title          = "{Constraints on the off-shell Higgs boson signal strength
                        in the high-mass $\textrm{Z}\textrm{Z}$ and $\textrm{W}\textrm{W}$ final states with the ATLAS
                        detector}",
      collaboration  = "ATLAS",
      journal        = "Eur.~Phys.~J.",
      volume         = "C~75",
      year           = "2015",
      number         = "7",
      pages          = "335",
      doi            = "10.1140/epjc/s10052-015-3542-2",
      eprint         = "1503.01060",
      archivePrefix  = "arXiv",
      primaryClass   = "hep-ex",
      reportNumber   = "CERN-PH-EP-2015-026",
      SLACcitation   = "%%CITATION = ARXIV:1503.01060;%%"
}
%%%%%%%%%%%%%%%%%%%%%%%%%%%%%%%%%%%%%%%%%%%%%%%%%%%%%%%%%%%%%%%%%%%%%%%%%%%%%%%%%

%%%%%%%%%%%%%%%%%%%%%%%%%%%%%%%%%%%%%%%%%%%%%%%%%%%%%%%%%%%%%%%%%%%%%%%%%%%%%%%%%
%
% Papers on mass reconstruction
%
@article{massRecoCollinearApprox,
      author         = "Ellis, R.~K. and Hinchliffe, I. and Soldate, M. and
                        van der Bij, J.~J.",
      title          = "{Higgs decay to $\tau^{+}\tau^{-}$: a possible signature of
                        intermediate mass Higgs bosons at the SSC}",
      journal        = "Nucl.~Phys.",
      volume         = "B~297",
      year           = "1988",
      pages          = "221",
      doi            = "10.1016/0550-3213(88)90019-3",
      reportNumber   = "FERMILAB-PUB-87-100-T, LBL-23504",
      SLACcitation   = "%%CITATION = NUPHA,B297,221;%%"
}

@article{neutrinoRecByVertexInfo,
      author         = "Dambach, S. and Langenegger, U. and Starodumov, A.",
      title          = "{Neutrino reconstruction with topological information}",
      journal        = "Nucl.~Instrum.~Meth.",
      volume         = "A~569",
      year           = "2006",
      pages          = "824",
      doi            = "10.1016/j.nima.2006.08.144",
      eprint         = "hep-ph/0607294",
      archivePrefix  = "arXiv",
      primaryClass   = "hep-ph",
      SLACcitation   = "%%CITATION = HEP-PH/0607294;%%"
}

@article{MMC,
      author         = "Elagin, A. and Murat, P. and Pranko, A. and Safonov, A.",
      title          = "{A new mass reconstruction technique for resonances
                        decaying to $\tau\tau$}",
      journal        = "Nucl.~Instrum.~Meth.",
      volume         = "A~654",
      year           = "2011",
      pages          = "481",
      doi            = "10.1016/j.nima.2011.07.009",
      eprint         = "1012.4686",
      archivePrefix  = "arXiv",
      primaryClass   = "hep-ex",
      reportNumber   = "FERMILAB-PUB-11-918-PPD",
      SLACcitation   = "%%CITATION = ARXIV:1012.4686;%%"
}

@article{Barr:2011he,
      author         = "Barr, Alan J. and French, Sky T. and Frost, James A. and
                        Lester, Christopher G.",
      title          = "{Speedy Higgs boson discovery in decays to tau lepton
                        pairs: $\textrm{H} \to \tau\tau$}",
      journal        = "JHEP",
      volume         = "10",
      year           = "2011",
      pages          = "080",
      doi            = "10.1007/JHEP10(2011)080",
      eprint         = "1106.2322",
      archivePrefix  = "arXiv",
      primaryClass   = "hep-ph",
      reportNumber   = "CAVENDISH-HEP-11-12",
      SLACcitation   = "%%CITATION = ARXIV:1106.2322;%%"
}

@article{Gripaios:2012th,
      author         = "Gripaios, Ben and Nagao, Keiko and Nojiri, Mihoko and
                        Sakurai, Kazuki and Webber, Bryan",
      title          = "{Reconstruction of Higgs bosons in the di-tau channel via
                        $3$-prong decay}",
      journal        = "JHEP",
      volume         = "03",
      year           = "2013",
      pages          = "106",
      doi            = "10.1007/JHEP03(2013)106",
      eprint         = "1210.1938",
      archivePrefix  = "arXiv",
      primaryClass   = "hep-ph",
      reportNumber   = "DESY-12-163, CAVENDISH-HEP-12-15, IPMU12-0185,
                        KEK-TH-1580",
      SLACcitation   = "%%CITATION = ARXIV:1210.1938;%%"
}

@article{SVfit,
      author         = "Bianchini, Lorenzo and Conway, John and Friis, Evan Klose and Veelken, Christian",
      title          = "{Reconstruction of the Higgs mass in $\textrm{H} \to \tau\tau$ events by dynamical likelihood techniques}",
      journal        = "J.~Phys.~Conf.~Ser.",
      volume         = "513",
      pages          = "022035",
      doi            = "10.1088/1742-6596/513/2/022035",
      year           = "2014",
      SLACcitation   = "%%CITATION = 00462,513,022035;%%",
}
%%%%%%%%%%%%%%%%%%%%%%%%%%%%%%%%%%%%%%%%%%%%%%%%%%%%%%%%%%%%%%%%%%%%%%%%%%%%%%%%%

%%%%%%%%%%%%%%%%%%%%%%%%%%%%%%%%%%%%%%%%%%%%%%%%%%%%%%%%%%%%%%%%%%%%%%%%%%%%%%%%%
%
% Papers on matrix element method
%
@article{Kondo:1988yd,
      author         = "Kondo, K.",
      title          = "{Dynamical likelihood method for reconstruction of events
                        with missing momentum. 1: method and toy models}",
      journal        = "J.~Phys.~Soc.~Jap.",
      volume         = "57",
      year           = "1988",
      pages          = "4126-4140",
      doi            = "10.1143/JPSJ.57.4126",
      SLACcitation   = "%%CITATION = JUPSA,57,4126;%%"
}

@article{Kondo:1991dw,
      author         = "Kondo, K.",
      title          = "{Dynamical likelihood method for reconstruction of events
                        with missing momentum. 2: mass spectra for $2 \to 2$
                        processes}",
      journal        = "J.~Phys.~Soc.~Jap.",
      volume         = "60",
      year           = "1991",
      pages          = "836-844",
      doi            = "10.1143/JPSJ.60.836",
      SLACcitation   = "%%CITATION = JUPSA,60,836;%%"
}
%%%%%%%%%%%%%%%%%%%%%%%%%%%%%%%%%%%%%%%%%%%%%%%%%%%%%%%%%%%%%%%%%%%%%%%%%%%%%%%%%

%%%%%%%%%%%%%%%%%%%%%%%%%%%%%%%%%%%%%%%%%%%%%%%%%%%%%%%%%%%%%%%%%%%%%%%%%%%%%%%%%
%
% Tools for automatized generation of marix elements
%
@article{CompHEP,
      author         = "Pukhov, A. and Boos, E. and Dubinin, M. and Edneral, V.
                        and Ilyin, V. and Kovalenko, D. and Kryukov, A. and
                        Savrin, V. and Shichanin, S. and Semenov, A.",
      title          = "{CompHEP: A package for evaluation of Feynman diagrams
                        and integration over multiparticle phase space}",
      year           = "1999",
      eprint         = "hep-ph/9908288",
      archivePrefix  = "arXiv",
      primaryClass   = "hep-ph",
      reportNumber   = "INP-MSU-98-41-542",
      SLACcitation   = "%%CITATION = HEP-PH/9908288;%%"
}

@article{MadGraph,
      author         = "Alwall, J. and Frederix, R. and Frixione, S. and Hirschi, V. and Maltoni, F. and Mattelaer, O. and Shao, H.-S. and Stelzer, T. and
                             Torrielli, P. and Zaro, M.",
      title          = "The automated computation of tree-level and next-to-leading order differential cross sections, and 
                            their matching to parton shower simulations",
      journal        = "JHEP",
      volume         = "07",
      pages          = "079",
      year           = "2014",
      doi            = "10.1007/JHEP07(2014)079",
      eprint         = "1405.0301",
      archivePrefix  = "arXiv",
      primaryClass   = "hep-ph",
} 
%%%%%%%%%%%%%%%%%%%%%%%%%%%%%%%%%%%%%%%%%%%%%%%%%%%%%%%%%%%%%%%%%%%%%%%%%%%%%%%%%

%%%%%%%%%%%%%%%%%%%%%%%%%%%%%%%%%%%%%%%%%%%%%%%%%%%%%%%%%%%%%%%%%%%%%%%%%%%%%%%%%
%
% Bjorken scaling variable x
%
@article{Bjorkenx,
      author         = "Bjorken, J.~D.",
      title          = "{Asymptotic sum rules at infinite momentum}",
      journal        = "Phys.~Rev.",
      volume         = "179",
      year           = "1969",
      pages          = "1547",
      doi            = "10.1103/PhysRev.179.1547",
      reportNumber   = "SLAC-PUB-0510",
      SLACcitation   = "%%CITATION = PHRVA,179,1547;%%"
}
%%%%%%%%%%%%%%%%%%%%%%%%%%%%%%%%%%%%%%%%%%%%%%%%%%%%%%%%%%%%%%%%%%%%%%%%%%%%%%%%%

%%%%%%%%%%%%%%%%%%%%%%%%%%%%%%%%%%%%%%%%%%%%%%%%%%%%%%%%%%%%%%%%%%%%%%%%%%%%%%%%%
%
% Transfer functions
%
@article{Fiedler:2010sg,
      author         = "Fiedler, Frank and Grohsjean, Alexander and Haefner,
                        Petra and Schieferdecker, Philipp",
      title          = "{The matrix element method and its application in
                        measurements of the top quark mass}",
      journal        = "Nucl.~Instrum.~Meth.",
      volume         = "A~624",
      year           = "2010",
      pages          = "203",
      doi            = "10.1016/j.nima.2010.09.024",
      eprint         = "1003.1316",
      archivePrefix  = "arXiv",
      primaryClass   = "hep-ex",
      SLACcitation   = "%%CITATION = ARXIV:1003.1316;%%"
}

@article{Volobouev:2011vb,
      author         = "Volobouev, Igor",
      title          = "{Matrix element method in HEP: transfer functions,
                        efficiencies, and likelihood normalization}",
      year           = "2011",
      eprint         = "1101.2259",
      archivePrefix  = "arXiv",
      primaryClass   = "physics.data-an",
      SLACcitation   = "%%CITATION = ARXIV:1101.2259;%%"
}
%%%%%%%%%%%%%%%%%%%%%%%%%%%%%%%%%%%%%%%%%%%%%%%%%%%%%%%%%%%%%%%%%%%%%%%%%%%%%%%%%

%%%%%%%%%%%%%%%%%%%%%%%%%%%%%%%%%%%%%%%%%%%%%%%%%%%%%%%%%%%%%%%%%%%%%%%%%%%%%%%%%
%
% Treatment of hadronic recoil in matrix element method and variable transformation from z2 to tH
%
@article{Alwall:2010cq,
      author         = "Alwall, J. and Freitas, A. and Mattelaer, O.",
      title          = "{The matrix element method and QCD radiation}",
      journal        = "Phys.~Rev.",
      volume         = "D~83",
      year           = "2011",
      pages          = "074010",
      doi            = "10.1103/PhysRevD.83.074010",
      eprint         = "1010.2263",
      archivePrefix  = "arXiv",
      primaryClass   = "hep-ph",
      reportNumber   = "CP3-10-35",
      SLACcitation   = "%%CITATION = ARXIV:1010.2263;%%"
}
%%%%%%%%%%%%%%%%%%%%%%%%%%%%%%%%%%%%%%%%%%%%%%%%%%%%%%%%%%%%%%%%%%%%%%%%%%%%%%%%%

%%%%%%%%%%%%%%%%%%%%%%%%%%%%%%%%%%%%%%%%%%%%%%%%%%%%%%%%%%%%%%%%%%%%%%%%%%%%%%%%%
%
% Reconstruction of hadronic recoil (or equivalently, of MET)
%
@article{CMS-JME-10-009,
      author         = "Chatrchyan, Serguei and others",
      title          = "{Missing transverse energy performance of the CMS
                        detector}",
      collaboration  = "CMS",
      journal        = "JINST",
      volume         = "6",
      year           = "2011",
      pages          = "P09001",
      doi            = "10.1088/1748-0221/6/09/P09001",
      eprint         = "1106.5048",
      archivePrefix  = "arXiv",
      primaryClass   = "physics.ins-det",
      reportNumber   = "CERN-PH-EP-2011-051, CMS-JME-10-009",
      SLACcitation   = "%%CITATION = ARXIV:1106.5048;%%"
}

@article{CMS-JME-13-003,
      author         = "Khachatryan, Vardan and others",
      title          = "{Performance of the CMS missing transverse momentum
                        reconstruction in $\textrm{p}\textrm{p}$ data at $\sqrt{s} = 8$~TeV}",
      collaboration  = "CMS",
      journal        = "JINST",
      volume         = "10",
      year           = "2015",
      number         = "02",
      pages          = "P02006",
      doi            = "10.1088/1748-0221/10/02/P02006",
      eprint         = "1411.0511",
      archivePrefix  = "arXiv",
      primaryClass   = "physics.ins-det",
      reportNumber   = "CMS-JME-13-003, CERN-PH-EP-2014-246",
      SLACcitation   = "%%CITATION = ARXIV:1411.0511;%%"
}

@article{ATLAS-CONF-2014-019,
      author         = "{The ATLAS collaboration}",
      title          = "{Pile-up suppression in missing transverse momentum
                        reconstruction in the ATLAS experiment in $\textrm{p}\textrm{p}$
                        collisions at $\sqrt{s} = 8$~TeV}",
      collaboration  = "ATLAS",
      year           = "2014",
      reportNumber   = "ATLAS-CONF-2014-019",
      SLACcitation   = "%%CITATION = ATLAS-CONF-2014-019;%%"
}
%%%%%%%%%%%%%%%%%%%%%%%%%%%%%%%%%%%%%%%%%%%%%%%%%%%%%%%%%%%%%%%%%%%%%%%%%%%%%%%%%

%%%%%%%%%%%%%%%%%%%%%%%%%%%%%%%%%%%%%%%%%%%%%%%%%%%%%%%%%%%%%%%%%%%%%%%%%%%%%%%%%
%
% Matrix elements for Higgs boson production and decay
%
@MISC{me_ggHprod,
  author          = "Mathias Brucherseifer",
  title           = "{Leading order gluon fusion in realistic composite Higgs models with SO(5) symmetry}",
  howpublished    = {Master's thesis, Eidgen\"ossische Technische Hochschule, Z\"urich},
  year            = "2009"
}

@phdthesis{me_HtoTauTau,
  author          = "Ulrik Egede",
  title           = "{The search for a standard model Higgs at the LHC and electron identification using transition radiation in the ATLAS tracker}",
  school          = "Lund University",
  year            = "1998"
}

@Book{Barger:1987nn,
     author    = "Barger, Vernon D. and Phillips, R.J.N.",
     title     = "Collider physics",
     publisher = "Westview Press",
     year      = "1991",
     address   = "Boulder, Colorado",
     edition   = "Updated",
}

@article{Bullock:1992yt,
      author         = "Bullock, B.~K. and Hagiwara, Kaoru and Martin, A.~D.",
      title          = "{Tau polarization and its correlations as a probe of new
                        physics}",
      journal        = "Nucl.~Phys.",
      volume         = "B~395",
      year           = "1993",
      pages          = "499",
      doi            = "10.1016/0550-3213(93)90045-Q",
      reportNumber   = "KEK-TH-332, KEK-PREPRINT-92-33, DTP-92-36",
      SLACcitation   = "%%CITATION = NUPHA,B395,499;%%"
}

@article{Raychaudhuri:1995kv,
      author         = "Raychaudhuri, Sreerup and Roy, D.~P.",
      title          = "{Charged Higgs boson search at the TeVatron upgrade using
                        $\tau$ polarization}",
      journal        = "Phys.~Rev.",
      volume         = "D~52",
      year           = "1995",
      pages          = "1556",
      doi            = "10.1103/PhysRevD.52.1556",
      eprint         = "hep-ph/9503251",
      archivePrefix  = "arXiv",
      primaryClass   = "hep-ph",
      reportNumber   = "TIFR-TH-95-08",
      SLACcitation   = "%%CITATION = HEP-PH/9503251;%%"
}
%%%%%%%%%%%%%%%%%%%%%%%%%%%%%%%%%%%%%%%%%%%%%%%%%%%%%%%%%%%%%%%%%%%%%%%%%%%%%%%%%

%%%%%%%%%%%%%%%%%%%%%%%%%%%%%%%%%%%%%%%%%%%%%%%%%%%%%%%%%%%%%%%%%%%%%%%%%%%%%%%%%
%
% Particle masses and widths
%
@article{PDG,
      author         = "Olive, K.~A. and others",
      title          = "{Review of particle physics}",
      collaboration  = "Particle Data Group",
      journal        = "Chin.~Phys.",
      volume         = "C~38",
      year           = "2014",
      pages          = "090001",
      doi            = "10.1088/1674-1137/38/9/090001",
      SLACcitation   = "%%CITATION = CHPHD,C38,090001;%%"
}
%%%%%%%%%%%%%%%%%%%%%%%%%%%%%%%%%%%%%%%%%%%%%%%%%%%%%%%%%%%%%%%%%%%%%%%%%%%%%%%%%

%%%%%%%%%%%%%%%%%%%%%%%%%%%%%%%%%%%%%%%%%%%%%%%%%%%%%%%%%%%%%%%%%%%%%%%%%%%%%%%%%
%
% ATLAS and CMS public results on tau energy response
%
@article{Aad:2014rga,
      author         = "Aad, Georges and others",
      title          = "{Identification and energy calibration of hadronically
                        decaying tau leptons with the ATLAS experiment in $\textrm{p}\textrm{p}$
                        collisions at $\sqrt{s} = 8$~TeV}",
      collaboration  = "ATLAS",
      journal        = "Eur.~Phys.~J.",
      volume         = "C~75",
      year           = "2015",
      number         = "7",
      pages          = "303",
      doi            = "10.1140/epjc/s10052-015-3500-z",
      eprint         = "1412.7086",
      archivePrefix  = "arXiv",
      primaryClass   = "hep-ex",
      reportNumber   = "CERN-PH-EP-2014-227",
      SLACcitation   = "%%CITATION = ARXIV:1412.7086;%%"
}

@TECHREPORT{ATLAS:2011tfa,
      COLLABORATION = "ATLAS",
      TITLE       = "{Reconstruction, energy calibration, and identification of hadronically decaying tau leptons}",
      URL         = "http://cds.cern.ch/record/1353226",
      TYPE        = "ATLAS Note",
      NUMBER      = "ATLAS-CONF-2011-077",
      YEAR        = "2011"
}

@TECHREPORT{TAU-14-001,
      AUTHOR      = "{CMS Collaboration}",
      COLLABORATION = "CMS",
      TITLE       = "Reconstruction and identification of $\tau$ lepton decays to hadrons and $\nu_{\tau}$ at CMS",
      TYPE        = "in preparation"
}

@TECHREPORT{PRF-14-001,
      AUTHOR      = "{CMS Collaboration}",
      COLLABORATION = "CMS",
      TITLE       = "Particle flow and global event description in CMS",
      TYPE        = "in preparation"
}
%%%%%%%%%%%%%%%%%%%%%%%%%%%%%%%%%%%%%%%%%%%%%%%%%%%%%%%%%%%%%%%%%%%%%%%%%%%%%%%%%

%%%%%%%%%%%%%%%%%%%%%%%%%%%%%%%%%%%%%%%%%%%%%%%%%%%%%%%%%%%%%%%%%%%%%%%%%%%%%%%%%
% 
% Numeric integration
%
@article{VAMP,
      author         = "Ohl, Thorsten",
      title          = "{Vegas revisited: Adaptive Monte Carlo integration beyond
                        factorization}",
      journal        = "Comput.~Phys.~Commun.",
      volume         = "120",
      year           = "1999",
      pages          = "13",
      doi            = "10.1016/S0010-4655(99)00209-X",
      eprint         = "hep-ph/9806432",
      archivePrefix  = "arXiv",
      primaryClass   = "hep-ph",
      reportNumber   = "IKDA-98-15",
      SLACcitation   = "%%CITATION = HEP-PH/9806432;%%"
}

@article{VEGAS,
      author         = "Lepage, G. Peter",
      title          = "{A New Algorithm for Adaptive Multidimensional
                        Integration}",
      journal        = "J.~Comput.~Phys.",
      volume         = "27",
      year           = "1978",
      pages          = "192",
      doi            = "10.1016/0021-9991(78)90004-9",
      reportNumber   = "SLAC-PUB-1839-REV, SLAC-PUB-1839",
      SLACcitation   = "%%CITATION = JCTPA,27,192;%%"
}
%%%%%%%%%%%%%%%%%%%%%%%%%%%%%%%%%%%%%%%%%%%%%%%%%%%%%%%%%%%%%%%%%%%%%%%%%%%%%%%%%

%%%%%%%%%%%%%%%%%%%%%%%%%%%%%%%%%%%%%%%%%%%%%%%%%%%%%%%%%%%%%%%%%%%%%%%%%%%%%%%%%
% 
% Monte Carlo generators
%
@article{pythia6_4,
      author         = "{Sj\"{o}strand}, T. and Mrenna, S. and Skands, P.~Z.",
      title          = "{PYTHIA 6.4 physics and manual}",
      journal        = "JHEP",
      volume         = "05",
      year           = "2006",
      pages          = "026",
      doi            = "10.1088/1126-6708/2006/05/026",
      eprint         = "hep-ph/0603175",
      archivePrefix  = "arXiv",
      primaryClass   = "hep-ph",
      reportNumber   = "FERMILAB-PUB-06-052-CD-T, LU-TP-06-13",
      SLACcitation   = "%%CITATION = HEP-PH/0603175;%%"
}

@article{pythia8,
      author         = "Sjostrand, T. and Mrenna, S. and Skands, P.~Z.",
      title          = "{A brief introduction to PYTHIA 8.1}",
      journal        = "Comput.~Phys.~Commun.",
      volume         = "178",
      year           = "2008",
      pages          = "852",
      doi            = "10.1016/j.cpc.2008.01.036",
      eprint         = "0710.3820",
      archivePrefix  = "arXiv",
      primaryClass   = "hep-ph",
      reportNumber   = "CERN-LCGAPP-2007-04, LU-TP-07-28,
                        FERMILAB-PUB-07-512-CD-T",
      SLACcitation   = "%%CITATION = ARXIV:0710.3820;%%"
}

@article{POWHEG1,
      author         = "Nason, Paolo",
      title          = "{A new method for combining NLO QCD with shower Monte
                        Carlo algorithms}",
      journal        = "JHEP",
      volume         = "11",
      year           = "2004",
      pages          = "040",
      doi            = "10.1088/1126-6708/2004/11/040",
      eprint         = "hep-ph/0409146",
      archivePrefix  = "arXiv",
      primaryClass   = "hep-ph",
      reportNumber   = "BICOCCA-FT-04-11",
      SLACcitation   = "%%CITATION = HEP-PH/0409146;%%"
}

@article{POWHEG2,
      author         = "Frixione, Stefano and Nason, Paolo and Oleari, Carlo",
      title          = "{Matching NLO QCD computations with parton shower
                        simulations: the POWHEG method}",
      journal        = "JHEP",
      volume         = "11",
      year           = "2007",
      pages          = "070",
      doi            = "10.1088/1126-6708/2007/11/070",
      eprint         = "0709.2092",
      archivePrefix  = "arXiv",
      primaryClass   = "hep-ph",
      reportNumber   = "BICOCCA-FT-07-9, GEF-TH-21-2007",
      SLACcitation   = "%%CITATION = ARXIV:0709.2092;%%"
}

@article{POWHEG3,
      author         = "Alioli, Simone and Nason, Paolo and Oleari, Carlo and Re,
                        Emanuele",
      title          = "{A general framework for implementing NLO calculations in
                        shower Monte Carlo programs: the POWHEG BOX}",
      journal        = "JHEP",
      volume         = "06",
      year           = "2010",
      pages          = "043",
      doi            = "10.1007/JHEP06(2010)043",
      eprint         = "1002.2581",
      archivePrefix  = "arXiv",
      primaryClass   = "hep-ph",
      reportNumber   = "DESY-10-018, SFB-CPP-10-22, IPPP-10-11, DCPT-10-22",
      SLACcitation   = "%%CITATION = ARXIV:1002.2581;%%"
}

@article{CTEQ6,
      author         = "Pumplin, J. and Stump, D. R. and Huston, J. and Lai, H.
                        L. and Nadolsky, Pavel M. and Tung, W. K.",
      title          = "{New generation of parton distributions with
                        uncertainties from global QCD analysis}",
      journal        = "JHEP",
      volume         = "07",
      year           = "2002",
      pages          = "012",
      doi            = "10.1088/1126-6708/2002/07/012",
      eprint         = "hep-ph/0201195",
      archivePrefix  = "arXiv",
      primaryClass   = "hep-ph",
      reportNumber   = "MSU-HEP-011101",
      SLACcitation   = "%%CITATION = HEP-PH/0201195;%%"
}

@inproceedings{PYTHIA_Z1tune_CMS,
      author         = "Field, Rick",
      title          = "{Early LHC underlying event data - findings and
                        surprises}",
      booktitle      = "{Hadron collider physics. Proceedings, 22nd Conference,
                        HCP 2010, Toronto, Canada, August 23-27, 2010}",
      url            = "http://inspirehep.net/record/873443/files/arXiv:1010.3558.pdf",
      year           = "2010",
      eprint         = "1010.3558",
      archivePrefix  = "arXiv",
      primaryClass   = "hep-ph",
      SLACcitation   = "%%CITATION = ARXIV:1010.3558;%%"
}

@article{PYTHIA_Z2tune_CMS,
      author         = "Chatrchyan, Serguei and others",
      title          = "{Measurement of the underlying event activity at the LHC
                        with $\sqrt{s}= 7$~TeV and comparison with $\sqrt{s} =
                        0.9$~TeV}",
      collaboration  = "CMS",
      journal        = "JHEP",
      volume         = "09",
      year           = "2011",
      pages          = "109",
      doi            = "10.1007/JHEP09(2011)109",
      eprint         = "1107.0330",
      archivePrefix  = "arXiv",
      primaryClass   = "hep-ex",
      reportNumber   = "CERN-PH-EP-2011-059, CMS-QCD-10-010",
      SLACcitation   = "%%CITATION = ARXIV:1107.0330;%%"
}

@article{tauola,
      author         = "Jadach, S. and Was, Z. and Decker, R. and Kuhn, J.~H.",
      title          = "{The tau decay library TAUOLA: version 2.4}",
      journal        = "Comput.~Phys.~Commun.",
      volume         = "76",
      year           = "1993",
      pages          = "361",
      doi            = "10.1016/0010-4655(93)90061-G",
      reportNumber   = "CERN-TH-6793-93",
      SLACcitation   = "%%CITATION = CPHCB,76,361;%%"
}
%%%%%%%%%%%%%%%%%%%%%%%%%%%%%%%%%%%%%%%%%%%%%%%%%%%%%%%%%%%%%%%%%%%%%%%%%%%%%%%%%

%%%%%%%%%%%%%%%%%%%%%%%%%%%%%%%%%%%%%%%%%%%%%%%%%%%%%%%%%%%%%%%%%%%%%%%%%%%%%%%%%
% 
% ATLAS Higgs -> tautau analyses
%
@article{ATLAS_HiggsTauTau_SM,
      author         = "Aad, Georges and others",
      title          = "{Evidence for the Higgs-boson Yukawa coupling to $\Pgt$
                        leptons with the ATLAS detector}",
      collaboration  = "ATLAS",
      journal        = "JHEP",
      volume         = "04",
      year           = "2015",
      pages          = "117",
      doi            = "10.1007/JHEP04(2015)117",
      eprint         = "1501.04943",
      archivePrefix  = "arXiv",
      primaryClass   = "hep-ex",
      reportNumber   = "CERN-PH-EP-2014-262",
      SLACcitation   = "%%CITATION = ARXIV:1501.04943;%%"
}

@article{ATLAS_HiggsTauTau_MSSM,
      author         = "Aad, Georges and others",
      title          = "{Search for neutral Higgs bosons of the minimal
                        supersymmetric standard model in $\Pp\Pp$ collisions at
                        $\sqrt{s} = 8$~TeV with the ATLAS detector}",
      collaboration  = "ATLAS",
      journal        = "JHEP",
      volume         = "11",
      year           = "2014",
      pages          = "056",
      doi            = "10.1007/JHEP11(2014)056",
      eprint         = "1409.6064",
      archivePrefix  = "arXiv",
      primaryClass   = "hep-ex",
      reportNumber   = "CERN-PH-EP-2014-210",
      SLACcitation   = "%%CITATION = ARXIV:1409.6064;%%"
}
%%%%%%%%%%%%%%%%%%%%%%%%%%%%%%%%%%%%%%%%%%%%%%%%%%%%%%%%%%%%%%%%%%%%%%%%%%%%%%%%%